@inproceedings{ulvr,
  author    = {Nitish Srivastava and
               Elman Mansimov and
               Ruslan Salakhutdinov},
  title     = {Unsupervised Learning of Video Representations using LSTMs},
  booktitle = {Proceedings of the 32nd International Conference on Machine Learning,
               {ICML} 2015, Lille, France, 6-11 July 2015},
  pages     = {843--852},
  year      = {2015},
  url       = {http://jmlr.org/proceedings/papers/v37/srivastava15.html},
  timestamp = {Wed, 29 Mar 2017 16:45:25 +0200},
  biburl    = {http://dblp.uni-trier.de/rec/bib/conf/icml/SrivastavaMS15},
  bibsource = {dblp computer science bibliography, http://dblp.org}
}

@inproceedings{convlstm,
  author    = {Xingjian Shi and
               Zhourong Chen and
               Hao Wang and
               Dit{-}Yan Yeung and
               Wai{-}Kin Wong and
               Wang{-}chun Woo},
  title     = {Convolutional {LSTM} Network: {A} Machine Learning Approach for Precipitation
               Nowcasting},
  booktitle = {Advances in Neural Information Processing Systems 28: Annual Conference
               on Neural Information Processing Systems 2015, December 7-12, 2015,
               Montreal, Quebec, Canada},
  pages     = {802--810},
  year      = {2015},
  url       = {http://papers.nips.cc/paper/5955-convolutional-lstm-network-a-machine-learning-approach-for-precipitation-nowcasting},
  timestamp = {Thu, 14 Jul 2016 18:55:32 +0200},
  biburl    = {http://dblp.uni-trier.de/rec/bib/conf/nips/ShiCWYWW15},
  bibsource = {dblp computer science bibliography, http://dblp.org}
}

@article{odyssey,
  author    = {Klaus Greff and
               Rupesh Kumar Srivastava and
               Jan Koutn{\'{\i}}k and
               Bas R. Steunebrink and
               J{\"{u}}rgen Schmidhuber},
  title     = {{LSTM:} {A} Search Space Odyssey},
  journal   = {CoRR},
  volume    = {abs/1503.04069},
  year      = {2015},
  url       = {http://arxiv.org/abs/1503.04069},
  timestamp = {Wed, 07 Jun 2017 14:42:57 +0200},
  biburl    = {http://dblp.uni-trier.de/rec/bib/journals/corr/GreffSKSS15},
  bibsource = {dblp computer science bibliography, http://dblp.org}
}
